<collection xmlns="http://www.loc.gov/MARC21/slim">
<record>
  <leader>01388nam0a2200277 i 450 </leader>
  <controlfield tag="001">IT\ICCU\CNCE\041683</controlfield>
  <controlfield tag="005">20160404000000.0</controlfield>
  <datafield tag="012" ind1=" " ind2=" ">
    <subfield code="a">e-i- r-ru o-us obe&amp; (C) 1526 (Q)</subfield>
    <subfield code="2">fei</subfield>
  </datafield>
  <datafield tag="100" ind1=" " ind2=" ">
    <subfield code="a">19981130f1526        0itac0103    ba</subfield>
  </datafield>
  <datafield tag="101" ind1=" " ind2=" ">
    <subfield code="a">LAT</subfield>
  </datafield>
  <datafield tag="102" ind1=" " ind2=" ">
    <subfield code="a">IT</subfield>
  </datafield>
  <datafield tag="200" ind1="1" ind2=" ">
    <subfield code="a">Monitorium perhorrendi anathematis ac eterne maledictionis in fautores hereticorum: schismaticorum ac damnatorum Columnensium</subfield>
  </datafield>
  <datafield tag="210" ind1=" " ind2=" ">
    <subfield code="d">\1526?!</subfield>
  </datafield>
  <datafield tag="215" ind1=" " ind2=" ">
    <subfield code="a">\4! c.</subfield>
    <subfield code="d">4ʻ</subfield>
  </datafield>
  <datafield tag="300" ind1=" " ind2=" ">
    <subfield code="a">Stampato a Roma da Francesco Minizio Calvo cfr.: Tipografi Romani del Cinquecento. Guillery, Ginnasio Mediceo, Calvo, Dorico, Cartolari. Firenze, Olschki, 1983. (Biblioteconomia e bibliografia, saggi e studi, 17) pag. 94</subfield>
  </datafield>
  <datafield tag="620" ind1=" " ind2=" ">
    <subfield code="a">IT</subfield>
    <subfield code="d">Roma</subfield>
  </datafield>
  <datafield tag="700" ind1=" " ind2="0">
    <subfield code="a">Clemens</subfield>
    <subfield code="c"> &lt;papa</subfield>
    <subfield code="c"> ; 7.&gt;</subfield>
    <subfield code="3">IT\ICCU\CNCA\003274</subfield>
  </datafield>
  <datafield tag="712" ind1="0" ind2="0">
    <subfield code="a">Calvo, Francesco Minizio</subfield>
    <subfield code="3">IT\ICCU\CNCT\000007</subfield>
    <subfield code="4">650</subfield>
  </datafield>
  <datafield tag="790" ind1=" " ind2="1">
    <subfield code="a">Medici,</subfield>
    <subfield code="b">Giulio : de&apos;</subfield>
    <subfield code="3">IT\ICCU\CNCA\014649</subfield>
    <subfield code="z">Clemens &lt;papa ; 7.&gt;</subfield>
  </datafield>
  <datafield tag="790" ind1=" " ind2="0">
    <subfield code="a">Clemente</subfield>
    <subfield code="c"> &lt;papa</subfield>
    <subfield code="c"> ; 7.&gt;</subfield>
    <subfield code="3">IT\ICCU\CNCA\023280</subfield>
    <subfield code="z">Clemens &lt;papa ; 7.&gt;</subfield>
  </datafield>
  <datafield tag="791" ind1="0" ind2="0">
    <subfield code="a">Calvus, Franciscus Minitius</subfield>
    <subfield code="3">IT\ICCU\CNCT\004412</subfield>
    <subfield code="z">Calvo, Francesco Minizio</subfield>
  </datafield>
  <datafield tag="801" ind1=" " ind2="3">
    <subfield code="a">IT</subfield>
    <subfield code="b">ICCU</subfield>
    <subfield code="c">20201114</subfield>
  </datafield>
  <datafield tag="899" ind1=" " ind2=" ">
    <subfield code="a">Biblioteca comunale dell&apos;Archiginnasio. Bologna</subfield>
    <subfield code="1">BO0304</subfield>
    <subfield code="2">UBO GA</subfield>
  </datafield>
  <datafield tag="899" ind1=" " ind2=" ">
    <subfield code="a">Biblioteca nazionale Braidense. Milano</subfield>
    <subfield code="1">MI0185</subfield>
    <subfield code="2">MIL NB</subfield>
  </datafield>
  <datafield tag="899" ind1=" " ind2=" ">
    <subfield code="a">Biblioteca Casanatense. Roma</subfield>
    <subfield code="1">RM0313</subfield>
    <subfield code="2">RML 07</subfield>
  </datafield>
  <datafield tag="899" ind1=" " ind2=" ">
    <subfield code="a">Biblioteca nazionale Marciana. Venezia</subfield>
    <subfield code="1">VE0049</subfield>
    <subfield code="2">VEA BM</subfield>
  </datafield>
</record>
</collection>
